<?xml version = "1.0" encoding = "UTF-8"?><record>
  <leader>01139nam#a2200361#c#4500</leader>
  <controlfield tag="005">20211206094100.0</controlfield>
  <controlfield tag="007">cr#|||||||||||</controlfield>
  <controlfield tag="008">211206|2021####gw######o#####|||#|#ger#c</controlfield>
  <controlfield tag="003">DE-605</controlfield>
  <controlfield tag="001">99371087584606441</controlfield>
  <datafield tag="024" ind1="7" ind2=" ">
    <subfield code="a">urn:nbn:de:hbz:5:2-1031515</subfield>
    <subfield code="2">urn</subfield>
  </datafield>
  <datafield tag="035" ind1=" " ind2=" ">
    <subfield code="a">(DE-605)HT021168804</subfield>
  </datafield>
  <datafield tag="040" ind1=" " ind2=" ">
    <subfield code="c">DE-605</subfield>
    <subfield code="a">5</subfield>
    <subfield code="b">ger</subfield>
    <subfield code="e">rda</subfield>
    <subfield code="d">DE-605</subfield>
  </datafield>
  <datafield tag="041" ind1=" " ind2=" ">
    <subfield code="a">ger</subfield>
  </datafield>
  <datafield tag="044" ind1=" " ind2=" ">
    <subfield code="c">XA-DE</subfield>
  </datafield>
  <datafield tag="100" ind1="1" ind2=" ">
    <subfield code="a">Herzberg, Hardy</subfield>
    <subfield code="d">1983-</subfield>
    <subfield code="0">(DE-588)1218998377</subfield>
    <subfield code="4">aut</subfield>
    <subfield code="0">(uri) https://portal.dnb.de/opac.htm?method=simpleSearch&amp;cqlMode=true&amp;query=idn=1218998377</subfield>
    <subfield code="0">(uri) http://viaf.org/viaf/sourceID/DNB|1218998377</subfield>
  </datafield>
  <datafield tag="245" ind1="1" ind2="0">
    <subfield code="a">&lt;&lt;Der&gt;&gt; Alleinherrscher</subfield>
    <subfield code="b">eine Science-Fiction-Novelle</subfield>
    <subfield code="c">von Hardy Herzberg</subfield>
  </datafield>
  <datafield tag="250" ind1=" " ind2=" ">
    <subfield code="a">Deutsche Erstausgabe 12/2021, 1. Auflage</subfield>
  </datafield>
  <datafield tag="264" ind1=" " ind2="1">
    <subfield code="a">K&#246;ln</subfield>
    <subfield code="b">Hardy Herzberg</subfield>
    <subfield code="c">[2021]</subfield>
  </datafield>
  <datafield tag="264" ind1=" " ind2="4">
    <subfield code="c">&#169; 2021</subfield>
  </datafield>
  <datafield tag="300" ind1=" " ind2=" ">
    <subfield code="a">1 Online-Ressource (106 Seiten)</subfield>
  </datafield>
  <datafield tag="336" ind1=" " ind2=" ">
    <subfield code="b">txt</subfield>
  </datafield>
  <datafield tag="337" ind1=" " ind2=" ">
    <subfield code="b">c</subfield>
  </datafield>
  <datafield tag="338" ind1=" " ind2=" ">
    <subfield code="b">cr</subfield>
  </datafield>
  <datafield tag="347" ind1=" " ind2=" ">
    <subfield code="a">Textdatei</subfield>
    <subfield code="b">PDF</subfield>
  </datafield>
  <datafield tag="856" ind1="4" ind2="0">
    <subfield code="u">https://nbn-resolving.org/urn:nbn:de:hbz:5:2-1031515</subfield>
    <subfield code="x">Resolving-System</subfield>
  </datafield>
  <datafield tag="960" ind1="1" ind2=" ">
    <subfield code="i">iall</subfield>
  </datafield>
  <datafield tag="960" ind1="1" ind2=" ">
    <subfield code="r">epfl-5</subfield>
  </datafield>
  <datafield tag="964" ind1="0" ind2="s">
    <subfield code="F">051</subfield>
    <subfield code="A">m|||||||</subfield>
  </datafield>
  <datafield tag="964" ind1="0" ind2="s">
    <subfield code="F">030</subfield>
    <subfield code="A">a|zur||||||17</subfield>
  </datafield>
  <datafield tag="964" ind1="0" ind2="s">
    <subfield code="F">050</subfield>
    <subfield code="A">||||||||g|||||</subfield>
  </datafield>
  <datafield tag="035" ind1=" " ind2=" ">
    <subfield code="a">(DE-599)HBZHT021168804</subfield>
  </datafield>
  <datafield tag="655" ind1=" " ind2="7">
    <subfield code="a">Fiktionale Darstellung</subfield>
    <subfield code="0">(DE-588)1071854844</subfield>
    <subfield code="2">gnd-content</subfield>
  </datafield>
  <datafield tag="583" ind1="1" ind2=" ">
    <subfield code="a">Archivierung/Langzeitarchivierung gew&#228;hrleistet</subfield>
    <subfield code="c">2021</subfield>
    <subfield code="f">PENW</subfield>
    <subfield code="5">DE-5</subfield>
  </datafield>
  <datafield tag="MBD" ind1=" " ind2=" ">
    <subfield code="M">49HBZ_NETWORK</subfield>
    <subfield code="i">99371087584606441</subfield>
    <subfield code="n">HBZ Network</subfield>
  </datafield>
  <datafield tag="MNG" ind1=" " ind2=" ">
    <subfield code="c">System</subfield>
    <subfield code="f">HBZ</subfield>
    <subfield code="i">marc21</subfield>
    <subfield code="h">20211206094100.0</subfield>
    <subfield code="k">01</subfield>
    <subfield code="e">false</subfield>
    <subfield code="d">2021-12-07 04:12:29 Europe/Berlin</subfield>
    <subfield code="g">HT021168804</subfield>
    <subfield code="j">60</subfield>
    <subfield code="a">System</subfield>
    <subfield code="b">2021-12-06 10:30:49 Europe/Berlin</subfield>
  </datafield>
</record>